<collection xmlns="http://www.loc.gov/MARC21/slim">
<record>
  <leader>01793nam0a22002891i 450 </leader>
  <controlfield tag="001">IT\ICCU\CNCE\062592</controlfield>
  <controlfield tag="005">20051128000000.0</controlfield>
  <datafield tag="012" ind1=" " ind2=" ">
    <subfield code="a">:&amp;di hema sebo coqu (3) 1536 (A)</subfield>
    <subfield code="2">fei</subfield>
  </datafield>
  <datafield tag="100" ind1=" " ind2=" ">
    <subfield code="a">20051128d1536        0itac0103    ba</subfield>
  </datafield>
  <datafield tag="101" ind1=" " ind2=" ">
    <subfield code="a">ITA</subfield>
  </datafield>
  <datafield tag="102" ind1=" " ind2=" ">
    <subfield code="a">IT</subfield>
  </datafield>
  <datafield tag="200" ind1="1" ind2=" ">
    <subfield code="a">℗Li ℗Quatro libri di misser Giouanni Gerson, Cancelliere Parisiense, &amp; dottore moralissimo, della imitatione di Christo, del dispregio del mondo, &amp; delle sue vanitade. Nelliquali tutto lordine dela vita humana chiaramente se comprehende. Con vn trattato de epso authore dela meditatione del core</subfield>
  </datafield>
  <datafield tag="205" ind1=" " ind2=" ">
    <subfield code="a">Nouamente reuisti &amp; da ogni errore expurgati</subfield>
  </datafield>
  <datafield tag="210" ind1=" " ind2=" ">
    <subfield code="e">Stampato in Vinegia</subfield>
    <subfield code="g">per Francesco Bindoni &amp; Mapheo pasini compagni</subfield>
    <subfield code="h">1538. Del Mese di Marzo</subfield>
  </datafield>
  <datafield tag="215" ind1=" " ind2=" ">
    <subfield code="a">96 ?i.e. 88? c.</subfield>
    <subfield code="c">ill.</subfield>
    <subfield code="d">8o</subfield>
  </datafield>
  <datafield tag="300" ind1=" " ind2=" ">
    <subfield code="a">ANNULLATA !!!!!   vedi 42868((Xil. sul front. - Iniz. xil. -  Rom. - Opera di incerto autore attribuita a Jean Gerson e a Thomas a Kempis. - Om., senza perdita di testo, le c. 73-80. - Segn.: A-L8</subfield>
  </datafield>
  <datafield tag="620" ind1=" " ind2=" ">
    <subfield code="a">IT</subfield>
    <subfield code="d">Venezia</subfield>
  </datafield>
  <datafield tag="700" ind1=" " ind2="1">
    <subfield code="a">Gerson,</subfield>
    <subfield code="b">Jean Charlier : de</subfield>
    <subfield code="3">IT\ICCU\CNCA\001101</subfield>
  </datafield>
  <datafield tag="701" ind1=" " ind2="0">
    <subfield code="a">Thomas</subfield>
    <subfield code="c"> : a#Kempis</subfield>
    <subfield code="3">IT\ICCU\CNCA\008162</subfield>
  </datafield>
  <datafield tag="712" ind1="0" ind2="0">
    <subfield code="a">Bindoni, Francesco &lt;1.&gt; &amp; Pasini, Maffeo</subfield>
    <subfield code="3">IT\ICCU\CNCT\000060</subfield>
    <subfield code="4">650</subfield>
  </datafield>
  <datafield tag="790" ind1=" " ind2="1">
    <subfield code="a">Charlier De Gerson,</subfield>
    <subfield code="b">Jean</subfield>
    <subfield code="3">IT\ICCU\CNCA\007956</subfield>
    <subfield code="z">Gerson, Jean Charlier : de</subfield>
  </datafield>
  <datafield tag="790" ind1=" " ind2="1">
    <subfield code="a">Gerson,</subfield>
    <subfield code="b">Joannes</subfield>
    <subfield code="3">IT\ICCU\CNCA\014120</subfield>
    <subfield code="z">Gerson, Jean Charlier : de</subfield>
  </datafield>
  <datafield tag="790" ind1=" " ind2="1">
    <subfield code="a">Haemmerlein,</subfield>
    <subfield code="b">Thomas : a#Kempis</subfield>
    <subfield code="3">IT\ICCU\CNCA\014315</subfield>
    <subfield code="z">Thomas : a#Kempis</subfield>
  </datafield>
  <datafield tag="790" ind1=" " ind2="1">
    <subfield code="a">Kempis,</subfield>
    <subfield code="b">Thomas : a</subfield>
    <subfield code="3">IT\ICCU\CNCA\014553</subfield>
    <subfield code="z">Thomas : a#Kempis</subfield>
  </datafield>
  <datafield tag="791" ind1="0" ind2="2">
    <subfield code="a">℗al segno dell&apos;℗Angelo Raffaele</subfield>
    <subfield code="c"> &lt;1531-1546&gt;</subfield>
    <subfield code="3">IT\ICCU\CNCT\002984</subfield>
    <subfield code="z">Bindoni, Francesco &lt;1.&gt; &amp; Pasini, Maffeo</subfield>
  </datafield>
  <datafield tag="801" ind1=" " ind2="3">
    <subfield code="a">IT</subfield>
    <subfield code="b">ICCU</subfield>
    <subfield code="c">20201115</subfield>
  </datafield>
  <datafield tag="899" ind1=" " ind2=" ">
    <subfield code="a">Biblioteche della Fondazione Giorgio Cini onlus. Venezia</subfield>
    <subfield code="1">VE0239</subfield>
    <subfield code="2">VEA FC</subfield>
  </datafield>
</record>
</collection>
